<?xml version="1.0" encoding="UTF-8"?>
<record xmlns="http://www.loc.gov/MARC21/slim">
   <leader>07878cam a2201693 a 4500</leader>
   <controlfield tag="001">7065105</controlfield>
   <controlfield tag="003">OCoLC</controlfield>
   <controlfield tag="005">20150708020056.0</controlfield>
   <controlfield tag="008">030304m20022003abca         s000 0 eng  </controlfield>
   <datafield tag="016" ind1=" " ind2=" ">
      <subfield code="a">20038019205</subfield>
   </datafield>
   <datafield tag="020" ind1=" " ind2=" ">
      <subfield code="a">077412363X</subfield>
   </datafield>
   <datafield tag="020" ind1=" " ind2=" ">
      <subfield code="a">9780774123631</subfield>
   </datafield>
   <datafield tag="020" ind1=" " ind2=" ">
      <subfield code="a">0774123427</subfield>
   </datafield>
   <datafield tag="020" ind1=" " ind2=" ">
      <subfield code="a">9780774123426</subfield>
   </datafield>
   <datafield tag="020" ind1=" " ind2=" ">
      <subfield code="a">0774123443</subfield>
   </datafield>
   <datafield tag="020" ind1=" " ind2=" ">
      <subfield code="a">9780774123440</subfield>
   </datafield>
   <datafield tag="020" ind1=" " ind2=" ">
      <subfield code="a">077412346X</subfield>
   </datafield>
   <datafield tag="020" ind1=" " ind2=" ">
      <subfield code="a">9780774123464</subfield>
   </datafield>
   <datafield tag="020" ind1=" " ind2=" ">
      <subfield code="a">0774123486</subfield>
   </datafield>
   <datafield tag="020" ind1=" " ind2=" ">
      <subfield code="a">9780774123488</subfield>
   </datafield>
   <datafield tag="020" ind1=" " ind2=" ">
      <subfield code="a">0774123540</subfield>
   </datafield>
   <datafield tag="020" ind1=" " ind2=" ">
      <subfield code="a">9780774123549</subfield>
   </datafield>
   <datafield tag="020" ind1=" " ind2=" ">
      <subfield code="a">0774123567</subfield>
   </datafield>
   <datafield tag="020" ind1=" " ind2=" ">
      <subfield code="a">9780774123563</subfield>
   </datafield>
   <datafield tag="020" ind1=" " ind2=" ">
      <subfield code="a">077411729X</subfield>
   </datafield>
   <datafield tag="020" ind1=" " ind2=" ">
      <subfield code="a">9780774117296</subfield>
   </datafield>
   <datafield tag="020" ind1=" " ind2=" ">
      <subfield code="a">0774123583</subfield>
   </datafield>
   <datafield tag="020" ind1=" " ind2=" ">
      <subfield code="a">9780774123587</subfield>
   </datafield>
   <datafield tag="020" ind1=" " ind2=" ">
      <subfield code="a">0774123524</subfield>
   </datafield>
   <datafield tag="020" ind1=" " ind2=" ">
      <subfield code="a">9780774123525</subfield>
   </datafield>
   <datafield tag="020" ind1=" " ind2=" ">
      <subfield code="a">0774123400</subfield>
   </datafield>
   <datafield tag="020" ind1=" " ind2=" ">
      <subfield code="a">9780774123402</subfield>
   </datafield>
   <datafield tag="020" ind1=" " ind2=" ">
      <subfield code="a">0774123389</subfield>
   </datafield>
   <datafield tag="020" ind1=" " ind2=" ">
      <subfield code="a">9780774123389</subfield>
   </datafield>
   <datafield tag="020" ind1=" " ind2=" ">
      <subfield code="a">0774123362</subfield>
   </datafield>
   <datafield tag="020" ind1=" " ind2=" ">
      <subfield code="a">9780774123365</subfield>
   </datafield>
   <datafield tag="020" ind1=" " ind2=" ">
      <subfield code="a">0774123346</subfield>
   </datafield>
   <datafield tag="020" ind1=" " ind2=" ">
      <subfield code="a">9780774123341</subfield>
   </datafield>
   <datafield tag="020" ind1=" " ind2=" ">
      <subfield code="a">0774123508</subfield>
   </datafield>
   <datafield tag="020" ind1=" " ind2=" ">
      <subfield code="a">9780774123501</subfield>
   </datafield>
   <datafield tag="020" ind1=" " ind2=" ">
      <subfield code="a">0774123605</subfield>
   </datafield>
   <datafield tag="020" ind1=" " ind2=" ">
      <subfield code="a">9780774123600</subfield>
   </datafield>
   <datafield tag="020" ind1=" " ind2=" ">
      <subfield code="a">0774116641</subfield>
   </datafield>
   <datafield tag="020" ind1=" " ind2=" ">
      <subfield code="a">9780774116640</subfield>
   </datafield>
   <datafield tag="020" ind1=" " ind2=" ">
      <subfield code="a">077411813X</subfield>
   </datafield>
   <datafield tag="020" ind1=" " ind2=" ">
      <subfield code="a">9780774118132</subfield>
   </datafield>
   <datafield tag="020" ind1=" " ind2=" ">
      <subfield code="a">0774123338</subfield>
   </datafield>
   <datafield tag="020" ind1=" " ind2=" ">
      <subfield code="a">9780774123334</subfield>
   </datafield>
   <datafield tag="035" ind1=" " ind2=" ">
      <subfield code="a">ocm52239318</subfield>
   </datafield>
   <datafield tag="039" ind1=" " ind2=" ">
      <subfield code="a">(OCoLC)52239318</subfield>
      <subfield code="f">OCLC</subfield>
   </datafield>
   <datafield tag="040" ind1=" " ind2=" ">
      <subfield code="a">NLC</subfield>
      <subfield code="b">eng</subfield>
      <subfield code="c">NLC</subfield>
      <subfield code="d">OCLCQ</subfield>
      <subfield code="d">OCLCO</subfield>
      <subfield code="d">LTSCA</subfield>
      <subfield code="d">AEU</subfield>
   </datafield>
   <datafield tag="050" ind1=" " ind2="4">
      <subfield code="a">LB1513</subfield>
      <subfield code="b">.G73 2002</subfield>
   </datafield>
   <datafield tag="055" ind1="0" ind2="4">
      <subfield code="a">COP.AL.2.2003-34</subfield>
   </datafield>
   <datafield tag="082" ind1="0" ind2="4">
      <subfield code="a">371.042</subfield>
      <subfield code="2">21</subfield>
   </datafield>
   <datafield tag="090" ind1=" " ind2=" ">
      <subfield code="a">LB 1513 G73 2002</subfield>
      <subfield code="b">AEU</subfield>
   </datafield>
   <datafield tag="240" ind1="0" ind2="0">
      <subfield code="a">Grade one thematic.</subfield>
   </datafield>
   <datafield tag="245" ind1="0" ind2="0">
      <subfield code="a">Grade one thematic.</subfield>
   </datafield>
   <datafield tag="260" ind1=" " ind2=" ">
      <subfield code="a">[Edmonton] :</subfield>
      <subfield code="b">Alberta Learning,</subfield>
      <subfield code="c">2002-2003.</subfield>
   </datafield>
   <datafield tag="300" ind1=" " ind2=" ">
      <subfield code="a">18 volumes :</subfield>
      <subfield code="b">illustrations ;</subfield>
      <subfield code="c">28 cm +</subfield>
      <subfield code="e">18 booklets, 1 home instructor's manual</subfield>
   </datafield>
   <datafield tag="336" ind1=" " ind2=" ">
      <subfield code="a">text</subfield>
      <subfield code="b">txt</subfield>
      <subfield code="2">rdacontent</subfield>
   </datafield>
   <datafield tag="337" ind1=" " ind2=" ">
      <subfield code="a">unmediated</subfield>
      <subfield code="b">n</subfield>
      <subfield code="2">rdamedia</subfield>
   </datafield>
   <datafield tag="338" ind1=" " ind2=" ">
      <subfield code="a">volume</subfield>
      <subfield code="b">nc</subfield>
      <subfield code="2">rdacarrier</subfield>
   </datafield>
   <datafield tag="505" ind1="0" ind2=" ">
      <subfield code="a">Module 1A-B. On with the show! -- Module 2A-B. Imagine that! -- Module 3A-B. Day sky, night sky -- Module 4A-B. The wonderful world of animals -- Module 5A-B. Families, yours and mine -- Module 6A-B. On the move -- Module 7A-B. Under the magnifying glass -- Module 8A-B. Let's have a story! -- Module 9A-B. Time to celebrate.</subfield>
   </datafield>
   <datafield tag="550" ind1=" " ind2=" ">
      <subfield code="a">Issued by: Learning Technologies Branch.</subfield>
   </datafield>
   <datafield tag="590" ind1=" " ind2=" ">
      <subfield code="a">Approved for use in Alberta schools.</subfield>
      <subfield code="5">CaAEU</subfield>
   </datafield>
   <datafield tag="596" ind1=" " ind2=" ">
      <subfield code="a">38</subfield>
   </datafield>
   <datafield tag="650" ind1=" " ind2="0">
      <subfield code="a">Education, Primary</subfield>
      <subfield code="v">Programmed instruction.</subfield>
   </datafield>
   <datafield tag="650" ind1=" " ind2="0">
      <subfield code="a">Active learning</subfield>
      <subfield code="v">Programmed instruction.</subfield>
   </datafield>
   <datafield tag="650" ind1=" " ind2="0">
      <subfield code="a">Inquiry-based learning</subfield>
      <subfield code="v">Programmed instruction.</subfield>
   </datafield>
   <datafield tag="710" ind1="1" ind2=" ">
      <subfield code="a">Alberta.</subfield>
      <subfield code="b">Alberta Learning.</subfield>
   </datafield>
   <datafield tag="710" ind1="1" ind2=" ">
      <subfield code="a">Alberta.</subfield>
      <subfield code="b">Learning Technologies Branch.</subfield>
   </datafield>
   <datafield tag="949" ind1=" " ind2=" ">
      <subfield code="a">LB 1513 G73 2002</subfield>
      <subfield code="v">mod.1A</subfield>
      <subfield code="h">UABA-B</subfield>
      <subfield code="i">0162034143808</subfield>
      <subfield code="z">OCLC_COPY</subfield>
   </datafield>
   <datafield tag="949" ind1=" " ind2=" ">
      <subfield code="a">LB 1513 G73 2002</subfield>
      <subfield code="v">bklt.2A</subfield>
      <subfield code="h">UABA-B</subfield>
      <subfield code="i">0162034144061</subfield>
      <subfield code="z">OCLC_COPY</subfield>
   </datafield>
   <datafield tag="949" ind1=" " ind2=" ">
      <subfield code="a">LB 1513 G73 2002</subfield>
      <subfield code="v">bklt.6B</subfield>
      <subfield code="h">UABA-B</subfield>
      <subfield code="i">0162034143899</subfield>
      <subfield code="z">OCLC_COPY</subfield>
   </datafield>
   <datafield tag="949" ind1=" " ind2=" ">
      <subfield code="a">LB 1513 G73 2002</subfield>
      <subfield code="v">bklt.6A</subfield>
      <subfield code="h">UABA-B</subfield>
      <subfield code="i">0162034143956</subfield>
      <subfield code="z">OCLC_COPY</subfield>
   </datafield>
   <datafield tag="949" ind1=" " ind2=" ">
      <subfield code="a">LB 1513 G73 2002</subfield>
      <subfield code="v">bklt.5A</subfield>
      <subfield code="h">UABA-B</subfield>
      <subfield code="i">0162034144012</subfield>
      <subfield code="z">OCLC_COPY</subfield>
   </datafield>
   <datafield tag="949" ind1=" " ind2=" ">
      <subfield code="a">LB 1513 G73 2002</subfield>
      <subfield code="v">bklt.5B</subfield>
      <subfield code="h">UABA-B</subfield>
      <subfield code="i">0162034144079</subfield>
      <subfield code="z">OCLC_COPY</subfield>
   </datafield>
   <datafield tag="949" ind1=" " ind2=" ">
      <subfield code="a">LB 1513 G73 2002</subfield>
      <subfield code="v">mod.9A</subfield>
      <subfield code="h">UABA-B</subfield>
      <subfield code="i">0162034143980</subfield>
      <subfield code="z">OCLC_COPY</subfield>
   </datafield>
   <datafield tag="949" ind1=" " ind2=" ">
      <subfield code="a">LB 1513 G73 2002</subfield>
      <subfield code="v">mod.3B</subfield>
      <subfield code="h">UABA-B</subfield>
      <subfield code="i">0162034143931</subfield>
      <subfield code="z">OCLC_COPY</subfield>
   </datafield>
   <datafield tag="949" ind1=" " ind2=" ">
      <subfield code="a">LB 1513 G73 2002</subfield>
      <subfield code="v">mod.4A</subfield>
      <subfield code="h">UABA-B</subfield>
      <subfield code="i">0162034143998</subfield>
      <subfield code="z">OCLC_COPY</subfield>
   </datafield>
   <datafield tag="949" ind1=" " ind2=" ">
      <subfield code="a">LB 1513 G73 2002</subfield>
      <subfield code="v">mod.4B</subfield>
      <subfield code="h">UABA-B</subfield>
      <subfield code="i">0162034144053</subfield>
      <subfield code="z">OCLC_COPY</subfield>
   </datafield>
   <datafield tag="949" ind1=" " ind2=" ">
      <subfield code="a">LB 1513 G73 2002</subfield>
      <subfield code="v">mod.7B</subfield>
      <subfield code="h">UABA-B</subfield>
      <subfield code="i">0162034144160</subfield>
      <subfield code="z">OCLC_COPY</subfield>
   </datafield>
   <datafield tag="949" ind1=" " ind2=" ">
      <subfield code="a">LB 1513 G73 2002</subfield>
      <subfield code="v">mod.8A</subfield>
      <subfield code="h">UABA-B</subfield>
      <subfield code="i">0162034144103</subfield>
      <subfield code="z">OCLC_COPY</subfield>
   </datafield>
   <datafield tag="949" ind1=" " ind2=" ">
      <subfield code="a">LB 1513 G73 2002</subfield>
      <subfield code="v">mod.8B</subfield>
      <subfield code="h">UABA-B</subfield>
      <subfield code="i">0162034144046</subfield>
      <subfield code="z">OCLC_COPY</subfield>
   </datafield>
   <datafield tag="949" ind1=" " ind2=" ">
      <subfield code="a">LB 1513 G73 2002</subfield>
      <subfield code="v">mod.9B</subfield>
      <subfield code="h">UABA-B</subfield>
      <subfield code="i">0162034143923</subfield>
      <subfield code="z">OCLC_COPY</subfield>
   </datafield>
   <datafield tag="949" ind1=" " ind2=" ">
      <subfield code="a">LB 1513 G73 2002</subfield>
      <subfield code="v">instr.man.</subfield>
      <subfield code="h">UABA-B</subfield>
      <subfield code="i">0162034143865</subfield>
      <subfield code="z">OCLC_COPY</subfield>
   </datafield>
   <datafield tag="949" ind1=" " ind2=" ">
      <subfield code="a">LB 1513 G73 2002</subfield>
      <subfield code="v">mod.1B</subfield>
      <subfield code="h">UABA-B</subfield>
      <subfield code="i">0162034143741</subfield>
      <subfield code="z">OCLC_COPY</subfield>
   </datafield>
   <datafield tag="949" ind1=" " ind2=" ">
      <subfield code="a">LB 1513 G73 2002</subfield>
      <subfield code="v">mod.2A</subfield>
      <subfield code="h">UABA-B</subfield>
      <subfield code="i">0162034143758</subfield>
      <subfield code="z">OCLC_COPY</subfield>
   </datafield>
   <datafield tag="949" ind1=" " ind2=" ">
      <subfield code="a">LB 1513 G73 2002</subfield>
      <subfield code="v">mod.2B</subfield>
      <subfield code="h">UABA-B</subfield>
      <subfield code="i">0162034143816</subfield>
      <subfield code="z">OCLC_COPY</subfield>
   </datafield>
   <datafield tag="949" ind1=" " ind2=" ">
      <subfield code="a">LB 1513 G73 2002</subfield>
      <subfield code="v">mod.3A</subfield>
      <subfield code="h">UABA-B</subfield>
      <subfield code="i">0162034143873</subfield>
      <subfield code="z">OCLC_COPY</subfield>
   </datafield>
   <datafield tag="949" ind1=" " ind2=" ">
      <subfield code="a">LB 1513 G73 2002</subfield>
      <subfield code="v">bklt.4A</subfield>
      <subfield code="h">UABA-B</subfield>
      <subfield code="i">0162034143766</subfield>
      <subfield code="z">OCLC_COPY</subfield>
   </datafield>
   <datafield tag="949" ind1=" " ind2=" ">
      <subfield code="a">LB 1513 G73 2002</subfield>
      <subfield code="v">bklt.4B</subfield>
      <subfield code="h">UABA-B</subfield>
      <subfield code="i">0162034143824</subfield>
      <subfield code="z">OCLC_COPY</subfield>
   </datafield>
   <datafield tag="949" ind1=" " ind2=" ">
      <subfield code="a">LB 1513 G73 2002</subfield>
      <subfield code="v">bklt.3A</subfield>
      <subfield code="h">UABA-B</subfield>
      <subfield code="i">0162034143881</subfield>
      <subfield code="z">OCLC_COPY</subfield>
   </datafield>
   <datafield tag="949" ind1=" " ind2=" ">
      <subfield code="a">LB 1513 G73 2002</subfield>
      <subfield code="v">bklt.3B</subfield>
      <subfield code="h">UABA-B</subfield>
      <subfield code="i">0162034143949</subfield>
      <subfield code="z">OCLC_COPY</subfield>
   </datafield>
   <datafield tag="949" ind1=" " ind2=" ">
      <subfield code="a">LB 1513 G73 2002</subfield>
      <subfield code="v">bklt.2B</subfield>
      <subfield code="h">UABA-B</subfield>
      <subfield code="i">0162034144004</subfield>
      <subfield code="z">OCLC_COPY</subfield>
   </datafield>
   <datafield tag="949" ind1=" " ind2=" ">
      <subfield code="a">LB 1513 G73 2002</subfield>
      <subfield code="v">bklt.1B</subfield>
      <subfield code="h">UABA-B</subfield>
      <subfield code="i">0162034144129</subfield>
      <subfield code="z">OCLC_COPY</subfield>
   </datafield>
   <datafield tag="949" ind1=" " ind2=" ">
      <subfield code="a">LB 1513 G73 2002</subfield>
      <subfield code="v">bklt.1A</subfield>
      <subfield code="h">UABA-B</subfield>
      <subfield code="i">0162034144186</subfield>
      <subfield code="z">OCLC_COPY</subfield>
   </datafield>
   <datafield tag="949" ind1=" " ind2=" ">
      <subfield code="a">LB 1513 G73 2002</subfield>
      <subfield code="v">bklt.9B</subfield>
      <subfield code="h">UABA-B</subfield>
      <subfield code="i">0162034144244</subfield>
      <subfield code="z">OCLC_COPY</subfield>
   </datafield>
   <datafield tag="949" ind1=" " ind2=" ">
      <subfield code="a">LB 1513 G73 2002</subfield>
      <subfield code="v">bklt.9A</subfield>
      <subfield code="h">UABA-B</subfield>
      <subfield code="i">0162034144301</subfield>
      <subfield code="z">OCLC_COPY</subfield>
   </datafield>
   <datafield tag="949" ind1=" " ind2=" ">
      <subfield code="a">LB 1513 G73 2002</subfield>
      <subfield code="v">bklt.8B</subfield>
      <subfield code="h">UABA-B</subfield>
      <subfield code="i">0162034144368</subfield>
      <subfield code="z">OCLC_COPY</subfield>
   </datafield>
   <datafield tag="949" ind1=" " ind2=" ">
      <subfield code="a">LB 1513 G73 2002</subfield>
      <subfield code="v">bklt.8A</subfield>
      <subfield code="h">UABA-B</subfield>
      <subfield code="i">0162034144426</subfield>
      <subfield code="z">OCLC_COPY</subfield>
   </datafield>
   <datafield tag="949" ind1=" " ind2=" ">
      <subfield code="a">LB 1513 G73 2002</subfield>
      <subfield code="v">bklt.7B</subfield>
      <subfield code="h">UABA-B</subfield>
      <subfield code="i">0162034143774</subfield>
      <subfield code="z">OCLC_COPY</subfield>
   </datafield>
   <datafield tag="949" ind1=" " ind2=" ">
      <subfield code="a">LB 1513 G73 2002</subfield>
      <subfield code="v">bklt.7A</subfield>
      <subfield code="h">UABA-B</subfield>
      <subfield code="i">0162034143832</subfield>
      <subfield code="z">OCLC_COPY</subfield>
   </datafield>
   <datafield tag="949" ind1=" " ind2=" ">
      <subfield code="a">LB 1513 G73 2002</subfield>
      <subfield code="v">mod.5A</subfield>
      <subfield code="h">UABA-B</subfield>
      <subfield code="i">0162034143915</subfield>
      <subfield code="z">OCLC_COPY</subfield>
   </datafield>
   <datafield tag="949" ind1=" " ind2=" ">
      <subfield code="a">LB 1513 G73 2002</subfield>
      <subfield code="v">mod.5B</subfield>
      <subfield code="h">UABA-B</subfield>
      <subfield code="i">0162034143857</subfield>
      <subfield code="z">OCLC_COPY</subfield>
   </datafield>
   <datafield tag="949" ind1=" " ind2=" ">
      <subfield code="a">LB 1513 G73 2002</subfield>
      <subfield code="v">mod.6A</subfield>
      <subfield code="h">UABA-B</subfield>
      <subfield code="i">0162034143790</subfield>
      <subfield code="z">OCLC_COPY</subfield>
   </datafield>
   <datafield tag="949" ind1=" " ind2=" ">
      <subfield code="a">LB 1513 G73 2002</subfield>
      <subfield code="v">mod.6B</subfield>
      <subfield code="h">UABA-B</subfield>
      <subfield code="i">0162034143733</subfield>
      <subfield code="z">OCLC_COPY</subfield>
   </datafield>
   <datafield tag="949" ind1=" " ind2=" ">
      <subfield code="a">LB 1513 G73 2002</subfield>
      <subfield code="v">mod.7A</subfield>
      <subfield code="h">UABA-B</subfield>
      <subfield code="i">0162034144228</subfield>
      <subfield code="z">OCLC_COPY</subfield>
   </datafield>
   <datafield tag="926" ind1=" " ind2=" ">
      <subfield code="a">UABARD</subfield>
      <subfield code="b">ON_SHELF</subfield>
      <subfield code="c">LB 1513 G73 2002 bklt.1A</subfield>
      <subfield code="d">BOOK</subfield>
      <subfield code="f">1</subfield>
   </datafield>
   <datafield tag="926" ind1=" " ind2=" ">
      <subfield code="a">UABARD</subfield>
      <subfield code="b">ON_SHELF</subfield>
      <subfield code="c">LB 1513 G73 2002 bklt.1B</subfield>
      <subfield code="d">BOOK</subfield>
      <subfield code="f">1</subfield>
   </datafield>
   <datafield tag="926" ind1=" " ind2=" ">
      <subfield code="a">UABARD</subfield>
      <subfield code="b">ON_SHELF</subfield>
      <subfield code="c">LB 1513 G73 2002 bklt.2A</subfield>
      <subfield code="d">BOOK</subfield>
      <subfield code="f">1</subfield>
   </datafield>
   <datafield tag="926" ind1=" " ind2=" ">
      <subfield code="a">UABARD</subfield>
      <subfield code="b">ON_SHELF</subfield>
      <subfield code="c">LB 1513 G73 2002 bklt.2B</subfield>
      <subfield code="d">BOOK</subfield>
      <subfield code="f">1</subfield>
   </datafield>
   <datafield tag="926" ind1=" " ind2=" ">
      <subfield code="a">UABARD</subfield>
      <subfield code="b">ON_SHELF</subfield>
      <subfield code="c">LB 1513 G73 2002 bklt.3A</subfield>
      <subfield code="d">BOOK</subfield>
      <subfield code="f">1</subfield>
   </datafield>
   <datafield tag="926" ind1=" " ind2=" ">
      <subfield code="a">UABARD</subfield>
      <subfield code="b">ON_SHELF</subfield>
      <subfield code="c">LB 1513 G73 2002 bklt.3B</subfield>
      <subfield code="d">BOOK</subfield>
      <subfield code="f">1</subfield>
   </datafield>
   <datafield tag="926" ind1=" " ind2=" ">
      <subfield code="a">UABARD</subfield>
      <subfield code="b">ON_SHELF</subfield>
      <subfield code="c">LB 1513 G73 2002 bklt.4A</subfield>
      <subfield code="d">BOOK</subfield>
      <subfield code="f">1</subfield>
   </datafield>
   <datafield tag="926" ind1=" " ind2=" ">
      <subfield code="a">UABARD</subfield>
      <subfield code="b">ON_SHELF</subfield>
      <subfield code="c">LB 1513 G73 2002 bklt.4B</subfield>
      <subfield code="d">BOOK</subfield>
      <subfield code="f">1</subfield>
   </datafield>
   <datafield tag="926" ind1=" " ind2=" ">
      <subfield code="a">UABARD</subfield>
      <subfield code="b">ON_SHELF</subfield>
      <subfield code="c">LB 1513 G73 2002 bklt.5A</subfield>
      <subfield code="d">BOOK</subfield>
      <subfield code="f">1</subfield>
   </datafield>
   <datafield tag="926" ind1=" " ind2=" ">
      <subfield code="a">UABARD</subfield>
      <subfield code="b">ON_SHELF</subfield>
      <subfield code="c">LB 1513 G73 2002 bklt.5B</subfield>
      <subfield code="d">BOOK</subfield>
      <subfield code="f">1</subfield>
   </datafield>
   <datafield tag="926" ind1=" " ind2=" ">
      <subfield code="a">UABARD</subfield>
      <subfield code="b">ON_SHELF</subfield>
      <subfield code="c">LB 1513 G73 2002 bklt.6A</subfield>
      <subfield code="d">BOOK</subfield>
      <subfield code="f">1</subfield>
   </datafield>
   <datafield tag="926" ind1=" " ind2=" ">
      <subfield code="a">UABARD</subfield>
      <subfield code="b">ON_SHELF</subfield>
      <subfield code="c">LB 1513 G73 2002 bklt.6B</subfield>
      <subfield code="d">BOOK</subfield>
      <subfield code="f">1</subfield>
   </datafield>
   <datafield tag="926" ind1=" " ind2=" ">
      <subfield code="a">UABARD</subfield>
      <subfield code="b">ON_SHELF</subfield>
      <subfield code="c">LB 1513 G73 2002 bklt.7A</subfield>
      <subfield code="d">BOOK</subfield>
      <subfield code="f">1</subfield>
   </datafield>
   <datafield tag="926" ind1=" " ind2=" ">
      <subfield code="a">UABARD</subfield>
      <subfield code="b">ON_SHELF</subfield>
      <subfield code="c">LB 1513 G73 2002 bklt.7B</subfield>
      <subfield code="d">BOOK</subfield>
      <subfield code="f">1</subfield>
   </datafield>
   <datafield tag="926" ind1=" " ind2=" ">
      <subfield code="a">UABARD</subfield>
      <subfield code="b">ON_SHELF</subfield>
      <subfield code="c">LB 1513 G73 2002 bklt.8A</subfield>
      <subfield code="d">BOOK</subfield>
      <subfield code="f">1</subfield>
   </datafield>
   <datafield tag="926" ind1=" " ind2=" ">
      <subfield code="a">UABARD</subfield>
      <subfield code="b">ON_SHELF</subfield>
      <subfield code="c">LB 1513 G73 2002 bklt.8B</subfield>
      <subfield code="d">BOOK</subfield>
      <subfield code="f">1</subfield>
   </datafield>
   <datafield tag="926" ind1=" " ind2=" ">
      <subfield code="a">UABARD</subfield>
      <subfield code="b">ON_SHELF</subfield>
      <subfield code="c">LB 1513 G73 2002 bklt.9A</subfield>
      <subfield code="d">BOOK</subfield>
      <subfield code="f">1</subfield>
   </datafield>
   <datafield tag="926" ind1=" " ind2=" ">
      <subfield code="a">UABARD</subfield>
      <subfield code="b">ON_SHELF</subfield>
      <subfield code="c">LB 1513 G73 2002 bklt.9B</subfield>
      <subfield code="d">BOOK</subfield>
      <subfield code="f">1</subfield>
   </datafield>
   <datafield tag="926" ind1=" " ind2=" ">
      <subfield code="a">UABARD</subfield>
      <subfield code="b">ON_SHELF</subfield>
      <subfield code="c">LB 1513 G73 2002 instr.man.</subfield>
      <subfield code="d">BOOK</subfield>
      <subfield code="f">1</subfield>
   </datafield>
   <datafield tag="926" ind1=" " ind2=" ">
      <subfield code="a">UABARD</subfield>
      <subfield code="b">ON_SHELF</subfield>
      <subfield code="c">LB 1513 G73 2002 mod.1A</subfield>
      <subfield code="d">BOOK</subfield>
      <subfield code="f">1</subfield>
   </datafield>
   <datafield tag="926" ind1=" " ind2=" ">
      <subfield code="a">UABARD</subfield>
      <subfield code="b">ON_SHELF</subfield>
      <subfield code="c">LB 1513 G73 2002 mod.1B</subfield>
      <subfield code="d">BOOK</subfield>
      <subfield code="f">1</subfield>
   </datafield>
   <datafield tag="926" ind1=" " ind2=" ">
      <subfield code="a">UABARD</subfield>
      <subfield code="b">ON_SHELF</subfield>
      <subfield code="c">LB 1513 G73 2002 mod.2A</subfield>
      <subfield code="d">BOOK</subfield>
      <subfield code="f">1</subfield>
   </datafield>
   <datafield tag="926" ind1=" " ind2=" ">
      <subfield code="a">UABARD</subfield>
      <subfield code="b">ON_SHELF</subfield>
      <subfield code="c">LB 1513 G73 2002 mod.2B</subfield>
      <subfield code="d">BOOK</subfield>
      <subfield code="f">1</subfield>
   </datafield>
   <datafield tag="926" ind1=" " ind2=" ">
      <subfield code="a">UABARD</subfield>
      <subfield code="b">ON_SHELF</subfield>
      <subfield code="c">LB 1513 G73 2002 mod.3A</subfield>
      <subfield code="d">BOOK</subfield>
      <subfield code="f">1</subfield>
   </datafield>
   <datafield tag="926" ind1=" " ind2=" ">
      <subfield code="a">UABARD</subfield>
      <subfield code="b">ON_SHELF</subfield>
      <subfield code="c">LB 1513 G73 2002 mod.3B</subfield>
      <subfield code="d">BOOK</subfield>
      <subfield code="f">1</subfield>
   </datafield>
   <datafield tag="926" ind1=" " ind2=" ">
      <subfield code="a">UABARD</subfield>
      <subfield code="b">ON_SHELF</subfield>
      <subfield code="c">LB 1513 G73 2002 mod.4A</subfield>
      <subfield code="d">BOOK</subfield>
      <subfield code="f">1</subfield>
   </datafield>
   <datafield tag="926" ind1=" " ind2=" ">
      <subfield code="a">UABARD</subfield>
      <subfield code="b">ON_SHELF</subfield>
      <subfield code="c">LB 1513 G73 2002 mod.4B</subfield>
      <subfield code="d">BOOK</subfield>
      <subfield code="f">1</subfield>
   </datafield>
   <datafield tag="926" ind1=" " ind2=" ">
      <subfield code="a">UABARD</subfield>
      <subfield code="b">ON_SHELF</subfield>
      <subfield code="c">LB 1513 G73 2002 mod.5A</subfield>
      <subfield code="d">BOOK</subfield>
      <subfield code="f">1</subfield>
   </datafield>
   <datafield tag="926" ind1=" " ind2=" ">
      <subfield code="a">UABARD</subfield>
      <subfield code="b">ON_SHELF</subfield>
      <subfield code="c">LB 1513 G73 2002 mod.5B</subfield>
      <subfield code="d">BOOK</subfield>
      <subfield code="f">1</subfield>
   </datafield>
   <datafield tag="926" ind1=" " ind2=" ">
      <subfield code="a">UABARD</subfield>
      <subfield code="b">ON_SHELF</subfield>
      <subfield code="c">LB 1513 G73 2002 mod.6A</subfield>
      <subfield code="d">BOOK</subfield>
      <subfield code="f">1</subfield>
   </datafield>
   <datafield tag="926" ind1=" " ind2=" ">
      <subfield code="a">UABARD</subfield>
      <subfield code="b">ON_SHELF</subfield>
      <subfield code="c">LB 1513 G73 2002 mod.6B</subfield>
      <subfield code="d">BOOK</subfield>
      <subfield code="f">1</subfield>
   </datafield>
   <datafield tag="926" ind1=" " ind2=" ">
      <subfield code="a">UABARD</subfield>
      <subfield code="b">ON_SHELF</subfield>
      <subfield code="c">LB 1513 G73 2002 mod.7A</subfield>
      <subfield code="d">BOOK</subfield>
      <subfield code="f">1</subfield>
   </datafield>
   <datafield tag="926" ind1=" " ind2=" ">
      <subfield code="a">UABARD</subfield>
      <subfield code="b">ON_SHELF</subfield>
      <subfield code="c">LB 1513 G73 2002 mod.7B</subfield>
      <subfield code="d">BOOK</subfield>
      <subfield code="f">1</subfield>
   </datafield>
   <datafield tag="926" ind1=" " ind2=" ">
      <subfield code="a">UABARD</subfield>
      <subfield code="b">ON_SHELF</subfield>
      <subfield code="c">LB 1513 G73 2002 mod.8A</subfield>
      <subfield code="d">BOOK</subfield>
      <subfield code="f">1</subfield>
   </datafield>
   <datafield tag="926" ind1=" " ind2=" ">
      <subfield code="a">UABARD</subfield>
      <subfield code="b">ON_SHELF</subfield>
      <subfield code="c">LB 1513 G73 2002 mod.8B</subfield>
      <subfield code="d">BOOK</subfield>
      <subfield code="f">1</subfield>
   </datafield>
   <datafield tag="926" ind1=" " ind2=" ">
      <subfield code="a">UABARD</subfield>
      <subfield code="b">ON_SHELF</subfield>
      <subfield code="c">LB 1513 G73 2002 mod.9A</subfield>
      <subfield code="d">BOOK</subfield>
      <subfield code="f">1</subfield>
   </datafield>
   <datafield tag="926" ind1=" " ind2=" ">
      <subfield code="a">UABARD</subfield>
      <subfield code="b">ON_SHELF</subfield>
      <subfield code="c">LB 1513 G73 2002 mod.9B</subfield>
      <subfield code="d">BOOK</subfield>
      <subfield code="f">1</subfield>
   </datafield>
</record>
